% Use this file for citations not found in the ACL Anthology (contained in "anthology.bib").

@incollection{rogersgloria,
  author    = {Rogers, Carl},
  title     = {Session with Gloria},
  booktitle = {The Carl Rogers Reader},
  editor    = {Kirschenbaum, Howard and Henderson, Valerie Land},
  publisher = {Houghton Mifflin},
  year      = {1989},
    pages     = {198--215}, 
    note      = {Transcript of Carl Rogers's counseling session with Gloria, originally filmed in 1965.}
}

@misc{pew-reddit-research,
  author       = {Michael Barthel and Galen Stocking and Jesse Holcomb and Amy Mitchell},
  title        = {Reddit News Users More Likely to Be Male, Young and Digital in Their News Preferences},
  howpublished = {Pew Research Center Report},
  institution  = {Pew Research Center},
  year         = {2016},
  month        = feb,
  day          = 25,
  url          = {https://www.pewresearch.org/wp-content/uploads/sites/8/2016/02/PJ_2016.02.25_Reddit_FINAL.pdf},
}
@misc{statista-reddit,
  author       = {{Statista}},
  title        = {Reddit Global Active User Distribution},
  howpublished = {Statista Statistics Portal},
  year         = {2025},
  url          = {https://www.statista.com/statistics/325144/reddit-global-active-user-distribution/},
  note         = {Accessed: 2025-08-24},
}
@article{pushshift,
  author       = {Jason Baumgartner and Savvas Zannettou and Brian Keegan and Megan Squire and Jeremy Blackburn},
  title        = {The Pushshift Reddit Dataset},
  journal      = {arXiv preprint arXiv:2001.08435},
  year         = {2020},
  url          = {https://arxiv.org/abs/2001.08435},
}
@inproceedings{zheng-et-al,
  author       = {Zheng, Lianwen and Wang, Yizhou and Liu, Xiaoyang and Zhang, Haoran and Li, Mingjie and Zhang, Jie},
  title        = {Judging LLM-as-a-Judge with MT-Bench and Chatbot Arena},
  booktitle    = {Proceedings of the 2023 Conference on Empirical Methods in Natural Language Processing (EMNLP)},
  year         = {2023},
  publisher    = {Association for Computational Linguistics},
  url          = {https://dl.acm.org/doi/10.5555/3666122.3668142},
}

@book{Aho:72,
    author  = {Alfred V. Aho and Jeffrey D. Ullman},
    title   = {The Theory of Parsing, Translation and Compiling},
    year    = "1972",
    volume  = "1",
    publisher = {Prentice-Hall},
    address = {Englewood Cliffs, NJ}
}

@book{APA:83,
    author  = {{American Psychological Association}},
    title   = {Publications Manual},
    year    = "1983",
    publisher = {American Psychological Association},
    address = {Washington, DC}
}

@article{Chandra:81,
	author = {Ashok K. Chandra and Dexter C. Kozen and Larry J. Stockmeyer},
	year = "1981",
	title = {Alternation},
	journal = {Journal of the Association for Computing Machinery},
	volume = "28",
	number = "1",
	pages = "114--133",
	doi = "10.1145/322234.322243",
}

@inproceedings{andrew2007scalable,
  title={Scalable training of {$L_1$}-regularized log-linear models},
  author={Andrew, Galen and Gao, Jianfeng},
  booktitle={Proceedings of the 24th International Conference on Machine Learning},
  pages={33--40},
  year={2007},
  url={https://dl.acm.org/doi/abs/10.1145/1273496.1273501}
}

@book{Gusfield:97,
    author  = {Dan Gusfield},
    title   = {Algorithms on Strings, Trees and Sequences},
    year    = "1997",
    publisher = {Cambridge University Press},
    address = {Cambridge, UK},
    url={https://www.cambridge.org/core/books/algorithms-on-strings-trees-and-sequences/F0B095049C7E6EF5356F0A26686C20D3}
}

@misc{cot,
  title        = {Chain-of-Thought Prompting Elicits Reasoning in Large Language Models},
  author       = {Wei, Jason and Wang, Xuezhi and Schuurmans, Dale and Bosma, Maarten and Ichter, Brian and Xia, Fei and Chi, Ed and Le, Quoc and Zhou, Denny},
  year         = {2022},
  howpublished = {arXiv preprint arXiv:2201.11903},
  doi          = {10.48550/arXiv.2201.11903},
}

@misc{socialgaze,
  title        = {SocialGaze: Improving the Integration of Human Social Norms in Large Language Models},
  author       = {Vijjini, Anvesh Rao and Menon, Rakesh R. and Fu, Jiayi and Srivastava, Shashank and Chaturvedi, Snigdha},
  year         = {2024},
  howpublished = {arXiv preprint arXiv:2410.08698},
  note         = {Submitted October 11, 2024},
}

@inproceedings{cot-morals,
  title        = {When to Make Exceptions: Exploring Language Models as Accounts of Human Moral Judgment},
  author       = {Jin, Zhijing and Levine, Sydney and Gonzalez, Fernando Adauto and Kamal, Ojasv and Sap, Maarten and Sachan, Mrinmaya and Mihalcea, Rada and Tenenbaum, Joshua B. and Sch√∂lkopf, Bernhard},
  booktitle    = {Advances in Neural Information Processing Systems 35 (NeurIPS 2022)},
  year         = {2022},
  note         = {NeurIPS 2022 conference paper; OpenReview version available at OpenReview},
}


@article{sorin-etal-empathy,
  author = {Sorin, V. and Brin, D. and Barash, Y. and Konen, E. and Charney, A. and Nadkarni, G. and Klang, E.},
  title = {Large Language Models and Empathy: Systematic Review},
  journal = {J Med Internet Res},
  volume = {26},
  year = {2024},
  pages = {e52597},
  url = {https://www.jmir.org/2024/1/e52597},
  doi = {10.2196/52597}
}

@article{zhang-ai_companions,
  author       = {Zhang, Yutong and Zhao, Dora and Hancock, Jeffrey T. and Kraut, Robert and Yang, Diyi},
  title        = {The Rise of AI Companions: How Human-Chatbot Relationships Influence Well-Being},
  journal      = {arXiv preprint arXiv:2506.12605},
  year         = {2025},
  month        = jun # "~17",
  note         = {Version 2, submitted on June 14 and revised June 17, 2025},
  url          = {https://arxiv.org/pdf/2506.12605.pdf},
  doi          = {10.48550/arXiv.2506.12605},
  institution  = {Stanford University \& Carnegie Mellon University},
  abstract     = {As large language models (LLMs)-enhanced chatbots grow increasingly expressive and socially responsive, many users are beginning to form companionship-like bonds with them... (see full abstract for details).}
}


@techreport{phang-affective,
  title        = {Investigating Affective Use and Emotional Well-Being on {ChatGPT}},
  author       = {Phang, Jason and Lampe, Michael and Ahmad, Lama and Agarwal, Sandhini and Fang, Cathy Mengying and Liu, Auren R. and Danry, Valdemar and Lee, Eunhae and Chan, Samantha W.T. and Pataranutaporn, Pat and Maes, Pattie},
  institution  = {OpenAI \& MIT Media Lab},
  year         = 2025,
  month        = mar,
  type         = {Technical Report / preprint},
  url          = {https://cdn.openai.com/papers/15987609-5f71-433c-9972-e91131f399a1/openai-affective-use-study.pdf},
  note         = {Accessed: 2025-08-25}
}

@misc{anthropic2025,
  title        = {How People Use {Claude} for Support, Advice, and Companionship},
  author       = {{Anthropic}},
  howpublished = {\url{https://www.anthropic.com/news/how-people-use-claude-for-support-advice-and-companionship}},
  month        = jun,
  year         = 2025,
  note         = {Accessed: 2025-08-25}
}


@article{rasooli-tetrault-2015,
    author    = {Mohammad Sadegh Rasooli and Joel R. Tetreault},
    title     = {Yara Parser: {A} Fast and Accurate Dependency Parser},
    journal   = {Computing Research Repository},
    volume    = {arXiv:1503.06733},
    year      = {2015},
    url       = {http://arxiv.org/abs/1503.06733},
    note    = {version 2}
}

@article{Ando2005,
	Acmid = {1194905},
	Author = {Ando, Rie Kubota and Zhang, Tong},
	Issn = {1532-4435},
	Issue_Date = {12/1/2005},
	Journal = {Journal of Machine Learning Research},
	Month = dec,
	Numpages = {37},
	Pages = {1817--1853},
	Publisher = {JMLR.org},
	Title = {A Framework for Learning Predictive Structures from Multiple Tasks and Unlabeled Data},
	Volume = {6},
	Year = {2005},
	url={https://www.jmlr.org/papers/volume6/ando05a/ando05a.pdf}
}

@article{cheng-etal-sycophancy,
    title={Social Sycophancy: A Broader Understanding of LLM Sycophancy},
    author={Cheng, Myra and Yu, Sunny and Lee, Cinoo and Khadpe, Pranav and Ibrahim, Lujain and Jurafsky, Dan},
    journal={arXiv preprint arXiv:2505.13995},
    year={2025},
    url={https://arxiv.org/abs/2505.13995}
}

@article{fang-etal-psychoeffects,
  author = {Fang, Cathy Mengying and Liu, Auren R. and Valdemar, Danry and Lee, Eunhae and Chan, Samantha W. T. and Pataranutaporn, Pat and Maes, Pattie},
  journal = {arXiv preprint arXiv:2503.17473},
  number = {1},
  title = {How AI and Human Behaviors Shape Psychosocial Effects of Chatbot Use: A Longitudinal Randomized Controlled Study},
  volume = {1},
  url = {https://arxiv.org/pdf/2503.17473},
  year = {2025}
}

@article{Lee-etal-Empathic,
  author = {Lee, Cinoo and Fang, Yifan and Zhang, Yifan and Liu, Yang and Wang, Xiaojun and Li, Xiang and Zhang, Jie},
  journal = {arXiv preprint arXiv:2505.13995},
  number = {1},
  title = {Empathic Responses in LLMs: A Study of User Perceptions},
  volume = {1},
  url = {https://arxiv.org/pdf/2403.18148v1},
  year = {2024}
}

@article{chain-of-thought,
  title={Chain of Thought Prompting Elicits Reasoning in Large Language Models},
  author={Wei, Jason and Wang, Xuezhi and Schuurmans, Dale and Bosma, Maarten and Ichter, Brandon and Xia, Fei and Chi, Ed H. and Le, Quoc V. and Zhou, Denny},
  journal={arXiv preprint arXiv:2201.11903},
  year={2022},
  url={https://arxiv.org/abs/2201.11903}
}

@article{values-in-wild,
author = {Huang, Durmus, McCain and others},
  journal = {arXiv preprint arXiv:2401.00095},
  title = {Values in the Wild: Discovering and Analyzing Values in Real-World Language Model Interactions},
  year = {2024},
  url = {https://assets.anthropic.com/m/18d20cca3cde3503/original/Values-in-the-Wild-Paper.pdf}
}
